% Encoding: UTF-8
@article{buuren2011mice,
	title={mice: Multivariate imputation by chained equations in R},
	author={van Buuren, Stef and Groothuis-Oudshoorn, Karin},
	journal={Journal of statistical software},
	volume={45},
	number={3},
	year={2011},
	publisher={American Statistical Association}
}

@article{honaker2011,
	title={Amelia II: A program for missing data},
	author={Honaker, James and King, Gary and Blackwell, Matthew and others},
	journal={Journal of statistical software},
	volume={45},
	number={7},
	pages={1--47},
	year={2011}
}

@article{berckmoes2016,
	title={Stein's method and a quantitative Lindeberg CLT for the Fourier transforms of random vectors},
	author={Berckmoes, Ben and Lowen, Robert and Van Casteren, Jan},
	journal={Journal of Mathematical Analysis and Applications},
	volume={433},
	number={2},
	pages={1441--1458},
	year={2016},
	publisher={Elsevier}
}


@article{gotze1991,
	title={On the rate of convergence in the multivariate CLT},
	author={Gotze, F},
	journal={The Annals of Probability},
	pages={724--739},
	year={1991},
	publisher={JSTOR}
}

@article{efron1981,
	title={Nonparametric estimates of standard error: the jackknife, the bootstrap and other methods},
	author={Efron, Bradley},
	journal={Biometrika},
	volume={68},
	number={3},
	pages={589--599},
	year={1981},
	publisher={Oxford University Press}
}
@article{royston2009,
	title={Multiple imputation of missing values: new features for mim},
	author={Royston, Patrick and Carlin, John B and White, Ian R and others},
	journal={Stata Journal},
	volume={9},
	number={2},
	pages={252},
	year={2009}
}

@book {Molenberghs97,
    AUTHOR = {Verbeke, Geert and Molenberghs, Geert},
     TITLE = {Linear mixed models for longitudinal data},
    SERIES = {Springer Series in Statistics},
 PUBLISHER = {Springer-Verlag, New York},
      YEAR = {2000},
     PAGES = {xxii+568},
      ISBN = {0-387-95027-3},
   MRCLASS = {62-01 (62H30 62J12 62P10)},
  MRNUMBER = {1880596 (2003b:62002)},
MRREVIEWER = {Daijin Ko},
       DOI = {10.1007/978-1-4419-0300-6},
       URL = {http://dx.doi.org/10.1007/978-1-4419-0300-6},
}

@article{von2005,
  title={''{TEACHER'S CORNER}: how many imputations are needed? A comment on {H}ershberger and {F}isher (2003)''},
  author={von Hippel, Paul T},
  journal={Structural Equation Modeling},
  volume={12},
  pages={334--335},
  year={2005},
  publisher={Taylor \& Francis}
}

@book{Buuren12,
author={van Buuren, S.},
title={Flexible Imputation of Missing Data},
year={2012},
address={Boca Raton},
publisher={Chapman \& Hall/CRC}
}


@article{pharmacological1997,
  title={''{I}nterferon alfa-2a is ineffective for patients with choroidal neovascularization secondary to age-related macular degeneration: results of a prospective randomized placebo-controlled clinical trial''},
  author={{The Pharmacological Therapy for Macular Degeneration Study Group}},
  journal={Archives of Ophthalmology},
  volume={115},
  pages={865},
  year={1997},
  publisher={Am Med Assoc}
}

@book{burzykowski2006,
  title={The evaluation of surrogate endpoints},
  author={Burzykowski, Tomasz and Molenberghs, Geert and Buyse, Marc},
  year={2006},
  publisher={Springer Science \& Business Media}
}

@article{alonso2015,
  title={''{O}n the relationship between the causal-inference and meta-analytic paradigms for the validation of surrogate endpoints''},
  author={Alonso, Ariel and Van der Elst, Wim and Molenberghs, Geert and Buyse, Marc and Burzykowski, Tomasz},
  journal={Biometrics},
  volume={71},
  pages={15--24},
  year={2015},
  publisher={Wiley Online Library}
}


@article{buyse2000,
  title={''{T}he validation of surrogate endpoints in meta-analyses of randomized experiments''},
  author={Buyse, Marc and Molenberghs, Geert and Burzykowski, Tomasz and Renard, Didier and Geys, Helena},
  journal={Biostatistics},
  volume={1},
  pages={49--67},
  year={2000},
  publisher={Biometrika Trust}
}

@article{muthen1994,
  title={''Multilevel covariance structure analysis''},
  author={Muth{\'e}n, Bengt O},
  journal={Sociological methods \& research},
  volume={22},
  pages={376--398},
  year={1994},
  publisher={Sage Publications}
}

@article {Iddi2011,
    AUTHOR = {Molenberghs, Geert and Verbeke, Geert and Iddi, Samuel},
     TITLE = {''{P}seudo-likelihood methodology for partitioned large and
              complex samples''},
   JOURNAL = {Statist. Probab. Lett.},
  FJOURNAL = {Statistics \& Probability Letters},
    VOLUME = {81},
      YEAR = {2011},
     PAGES = {892--901},
      ISSN = {0167-7152},
     CODEN = {SPLTDC},
   MRCLASS = {62-07 (62D99 62F12)},
  MRNUMBER = {2793758 (2012d:62008)},
       DOI = {10.1016/j.spl.2011.01.012},
       URL = {http://dx.doi.org/10.1016/j.spl.2011.01.012},
}


@book{Bates2000,
  title={Mixed-Effects Models in S and S-PLUS},
  author={Pinheiro, J.C. and Bates, D.M.},
  isbn={9780387989570},
  lccn={99053566},
  series={Statistics and computing},
  year={2000},
  publisher={U.S. Government Printing Office}
}

@article {Verbeke2006,
    AUTHOR = {Fieuws, Steffen and Verbeke, Geert},
     TITLE = {''Pairwise fitting of mixed models for the joint modeling of multivariate longitudinal profiles''},
   JOURNAL = {Biometrics},
  FJOURNAL = {Biometrics. Journal of the International Biometric Society},
    VOLUME = {62},
      YEAR = {2006},
    NUMBER = {2},
     PAGES = {424--431},
      ISSN = {0006-341X},
   MRCLASS = {Database Expansion Item},
  MRNUMBER = {2227490},
       DOI = {10.1111/j.1541-0420.2006.00507.x},
       URL = {http://dx.doi.org/10.1111/j.1541-0420.2006.00507.x},
}

@article{Verbeke2007,
  title={''Random-effects models for multivariate repeated measures''},
  author={Fieuws, Steffen and Verbeke, Geert and Molenberghs, Geert},
  journal={Statistical Methods in Medical Research},
  volume={16},
  pages={387--397},
  year={2007},
  publisher={SAGE Publications}
}

@article {Rousseeuw1984,
    AUTHOR = {Rousseeuw, Peter J.},
     TITLE = {Least median of squares regression},
   JOURNAL = {J. Amer. Statist. Assoc.},
  FJOURNAL = {Journal of the American Statistical Association},
    VOLUME = {79},
      YEAR = {1984},
    NUMBER = {388},
     PAGES = {871--880},
      ISSN = {0162-1459},
     CODEN = {JSTNAL},
   MRCLASS = {62J05},
  MRNUMBER = {770281 (86d:62113)},
MRREVIEWER = {Bert M. Steece}
}

@article{Mapreduce,
  title={MapReduce: simplified data processing on large clusters},
  author={Dean, Jeffrey and Ghemawat, Sanjay},
  journal={Communications of the ACM},
  volume={51},
  pages={107--113},
  year={2008},
  publisher={ACM}
}

@article{beanplot,
  title={Beanplot: A boxplot alternative for visual comparison of distributions},
  author={Kampstra, Peter and others},
  year={2008},
  publisher={Jour}
}

@article{donoho,
  title={High-dimensional data analysis: The curses and blessings of dimensionality},
  author={Donoho, David L and others},
  journal={AMS Math Challenges Lecture},
  pages={1--32},
  year={2000}
}


@article{karolina1,
  title={''{F}ast linear mixed model computations for genome-wide association studies with longitudinal data''},
  author={Sikorska, Karolina and Rivadeneira, Fernando and Groenen, Patrick JF and Hofman, Albert and Uitterlinden, Andr{\'e} G and Eilers, Paul HC and Lesaffre, Emmanuel},
  journal={Statistics in medicine},
  volume={32},
  pages={165--180},
  year={2013},
  publisher={Wiley Online Library}
}

@article{karolina2,
  title={GWAS on your notebook: fast semi-parallel linear and logistic regression for genome-wide association studies},
  author={Sikorska, Karolina and Lesaffre, Emmanuel and Groenen, Patrick FJ and Eilers, Paul HC},
  journal={BMC bioinformatics},
  volume={14},
  pages={166},
  year={2013},
  publisher={BioMed Central Ltd}
}

@Manual{surrogate2016,
  title = {''Package ‘Surrogate’: Evaluation of Surrogate Endpoints in Clinical Trials''},
  author = {Van der Elst, Wim and Meyvisch, Paul and Alonso, Ariel and Ensor, Hannah M. and  Weir, Christopher
J. and Molenberghs, Geert},
  year = {2016},
  url = {https://cran.r-project.org/web/packages/Surrogate},
}


@article{wagstaff2011,
  title={''{A} closer examination of three small-sample approximations to the multiple-imputation degrees of freedom''},
  author={Wagstaff, David A and Harel, Ofer and others},
  journal={Stata Journal},
  volume={11},
  pages={403--419},
  year={2011},
  publisher={StataCorp LP}
}

@article{rubin1986_df,
  title={''{M}ultiple imputation for interval estimation from simple random samples with ignorable nonresponse''},
  author={Rubin, Donald B and Schenker, Nathaniel},
  journal={Journal of the American Statistical Association},
  volume={81},
  pages={366--374},
  year={1986},
  publisher={Taylor \& Francis}
}

@article{wim2015,
  title={''{U}nbalanced cluster sizes and rates of convergence in mixed-effects models for clustered data''},
  author={Van der Elst, Wim and Hermans, L and Verbeke, Geert and Kenward, MG and Nassiri, Vahid and Molenberghs, Geert},
  journal={Journal of Statistical Computation and Simulation},
 volume={86},  
  pages={1--17},
  year={2015},
  publisher={Taylor \& Francis}
}
 @article{hershberger2003,
  title={''{A} note on determining the number of imputations for missing data''},
  author={Hershberger, Scott L and Fisher, Dennis G},
  journal={Structural Equation Modeling},
  volume={10},
  pages={648--650},
  year={2003},
  publisher={Taylor \& Francis}
}

@article{lu2014,
  title={''{N}umber of imputations needed to stabilize estimated treatment difference in longitudinal data analysis''},
  author={Lu, Kaifeng},
  journal={Statistical Methods in Medical Research},
  pages={1--17},
  year={2014},
  publisher={SAGE Publications}
}
 

 
 
  @article{hermans2017_cs,
    TITLE = {''Clusters With Unequal Size: Maximum Likelihood Versus Weighted Estimation in Large Samples''},
 author={Hermans, Lisa and Nassiri, Vahid and Molenberghs, Geert and Kenward, Michael G and Van der Elst, Wim and Aerts, Marc and Verbeke, Geert},
   JOURNAL = {{S}tatistica {S}inica},
    number={just-accepted},
    YEAR = {2017},
}
 
 @article{hermans2017_ar1,
  title={Fast, Closed-form, and Efficient Estimators for Hierarchical Models with AR (1) Covariance and Unequal Cluster Sizes},
  author={Hermans, Lisa and Nassiri, Vahid and Molenberghs, Geert and Kenward, Michael G and Van der Elst, Wim and Aerts, Marc and Verbeke, Geert},
  journal={Communications in Statistics-Simulation and Computation},
  number={just-accepted},
  year={2017},
  publisher={Taylor \& Francis}
}
 
 @article{kruskal1952,
  title={''{U}se of ranks in one-criterion variance analysis''},
  author={Kruskal, William H and Wallis, W Allen},
  journal={Journal of the American statistical Association},
  volume={47},
  pages={583--621},
  year={1952},
  publisher={Taylor \& Francis}
}




@incollection{cleveland1991,
  author      = "Cleveland, WS and Grosse, E and Shyu, WM",
  title       = "''{L}ocal regression models''",
  editor      = "JM Chambers and TJ Hastie",
  booktitle   = "Statistical Models in S",
  publisher   = "Chapman \& Hall, London",
  year        = 1991,
  pages       = "309-376",
  chapter     = 8
}
 
 
 @article{abegao2015,
  title={Leuven Eye Study-Baseline and methods},
  author={Pinto, L Abegao and Willekens, K and Van Keer, K and Shibesh, A and Vandewalle, E and Molenberghs, G and Stalmans, I},
  journal={Acta Ophthalmologica},
  volume={93},
  year={2015},
  publisher={Wiley Online Library}
}
 


@article{boelaert2000,
  title={''Prevalence of bovine herpesvirus-1 in the Belgian cattle population''},
  author={Boelaert, F and Biront, P and Soumare, B and Dispas, M and Vanopdenbosch, E and Vermeersch, JP and Raskin, A and Dufey, J and Berkvens, D and Kerkhofs, P},
  journal={Preventive veterinary medicine},
  volume={45},
  pages={285--295},
  year={2000},
  publisher={Elsevier}
}




@article{mathei2006,
  title={Evidence for a substantial role of sharing of injecting paraphernalia other than syringes/needles to the spread of hepatitis C among injecting drug users},
  author={Mathe{\"\i}, Cathy and Shkedy, Ziv and Denis, B and Kabali, C and Aerts, Marc and Molenberghs, Geert and Van Damme, P and Buntinx, Frank},
  journal={Journal of viral hepatitis},
  volume={13},
  pages={560--570},
  year={2006},
  publisher={Wiley Online Library}
}


@article{pairs,
  title={Implementation of Pairwise Fitting Technique for Analyzing Multivariate Longitudinal Data in SAS},
  author={Kundu, Madan Gopal},
  year={2011}
}


 @article {Lisa2015_2,
    AUTHOR = {Hermans, Lisa and Molenberghs, Geert and Aerts, Marc and Kenward, Michael and Verbeke, Geert},
     TITLE = {A note on icomplete sufficient statistics},
   JOURNAL = {Submitted},
    YEAR = {2015},
 }
 
 
 @article{wickham2011,
  title={The split-apply-combine strategy for data analysis},
  author={Wickham, Hadley and others},
  journal={Journal of Statistical Software},
  volume={40},
  pages={1--29},
  year={2011},
  publisher={Citeseer}
}


@article{reise2005,
  title={An illustration of multilevel factor analysis},
  author={Reise, Steven P and Ventura, Joseph and Nuechterlein, Keith H and Kim, Kevin H},
  journal={Journal of personality assessment},
  volume={84},
  pages={126--136},
  year={2005},
  publisher={Taylor \& Francis}
}



@article{arnold1991,
  title={Pseudolikelihood estimation: some examples},
  author={Arnold, Barry C and Strauss, David},
  journal={Sankhy{\=a}: The Indian Journal of Statistics, Series B},
  pages={233--243},
  year={1991},
  publisher={JSTOR}
}



@article{geys1999,
  title={Pseudolikelihood modeling of multivariate outcomes in developmental toxicology},
  author={Geys, Helena and Molenberghs, Geert and Ryan, Louise M},
  journal={Journal of the American Statistical Association},
  volume={94},
  pages={734--745},
  year={1999},
  publisher={Taylor \& Francis Group}
}


@book{aerts2002,
  title={Topics in modelling of clustered data},
  author={Aerts, Marc and Molenberghs, Geert and Ryan, Louise M and Geys, Helena},
  year={2002},
  publisher={CRC Press}
}





@article{hoffman2001,
  title={Within-cluster resampling},
  author={Hoffman, Elaine B and Sen, Pranab K and Weinberg, Clarice R},
  journal={Biometrika},
  volume={88},
  pages={1121--1134},
  year={2001},
  publisher={Biometrika Trust}
}

@article{follmann2003,
  title={Multiple outputation: inference for complex clustered data by averaging analyses from independent data},
  author={Follmann, Dean and Proschan, Michael and Leifer, Eric},
  journal={Biometrics},
  volume={59},
  pages={420--429},
  year={2003},
  publisher={Wiley Online Library}
}

@inproceedings{harel2003,
  title={''{M}ultiple imputation in two stages''},
  author={Harel, Ofer and Schafer, J},
  booktitle={Proceedings of Federal Committee on Statistical Methodology 2003 Conference},
  year={2003}
}




@article{hu2008,
  title={''On convergence properties of sums of dependent random variables under second moment and covariance restrictions''},
  author={Hu, Tien-Chung and Rosalsky, Andrew and Volodin, Andrei},
  journal={Statistics \& Probability Letters},
  volume={78},
  pages={1999--2005},
  year={2008},
  publisher={Elsevier}
}


@article{hu2009,
  title={''A Note on Strong Convergence of Sums of Dependent Random Variables''},
  author={Hu, Tien-Chung and Weber, Neville C},
  journal={Journal of Probability and Statistics},
  volume={2009},
  year={2009},
  publisher={Hindawi Publishing Corporation}
}

@article{korchevsky2011,
  title={''On the strong law of large numbers for sequences of random variables without the independence condition''},
  author={Korchevsky, VM},
  journal={Vestnik St. Petersburg University: Mathematics},
  volume={44},
  pages={268--271},
  year={2011},
  publisher={Springer}
}


@article{kuczmaszewska2016,
  title={''Convergence rate in the Petrov SLLN For dependent random variables''},
  author={Kuczmaszewska, A},
  journal={Acta Mathematica Hungarica},
  volume={148},
  pages={56--72},
  year={2016},
  publisher={Springer}
}

@article{berry1941,
  title={''The accuracy of the Gaussian approximation to the sum of independent variates''},
  author={Berry, Andrew C},
  journal={Transactions of the american mathematical society},
  volume={49},
  pages={122--136},
  year={1941},
  publisher={JSTOR}
}

@book{esseen1942,
  title={On the Liapounoff limit of error in the theory of probability},
  author={Esseen, Carl-Gustaf},
  year={1942},
  publisher={Almqvist \& Wiksell}
}

@inproceedings{hall1981,
  title={''Characterizing the rate of convergence in the central limit theorem. II''},
  author={Hall, Peter},
  booktitle={Mathematical Proceedings of the Cambridge Philosophical Society},
  volume={89},
  pages={511--523},
  year={1981},
  organization={Cambridge Univ Press}
}

@article{graham2007,
  title={''{H}ow many imputations are really needed? Some practical clarifications of multiple imputation theory''},
  author={Graham, John W and Olchowski, Allison E and Gilreath, Tamika D},
  journal={Prevention Science},
  volume={8},
  pages={206--213},
  year={2007},
  publisher={Springer}
}
@article{bodner2008,
  title={''{W}hat improves with increased missing data imputations?''},
  author={Bodner, Todd E},
  journal={Structural Equation Modeling},
  volume={15},
  pages={651--675},
  year={2008},
  publisher={Taylor \& Francis}
}

@book{carpenter2012,
  title={Multiple imputation and its application},
  author={Carpenter, James and Kenward, Michael},
  year={2012},
  publisher={John Wiley \& Sons}
}

@article{royston2004,
  title={''{M}ultiple imputation of missing values''},
  author={Royston, Patrick},
  journal={Stata Journal},
  volume={4},
  pages={227--41},
  year={2004},
  publisher={STATA PRESS}
}

@ARTICLE{Berckmoes2015,
  title = {''Approximate central limit theory and statistical inference with contaminated data''},
  author = {Berckmoes, Ben and Molenberghs,Geert},
  journal = {arXiv:1502.07181 [math.ST]},
  year={2015},
  url = {http://arxiv.org/abs/1502.07181}
}

@inproceedings{rubin1988,
  title={''{A}n overview of multiple imputation''},
  author={Rubin, Donald B},
  booktitle={Proceedings of the survey research methods section of the American {S}tatistical {A}ssociation},
  pages={79--84},
  year={1988}
}

@article{rubin2004,
  title={''{T}he design of a general and flexible system for handling nonresponse in sample surveys''},
  author={Rubin, Donald B},
  journal={The American Statistician},
  volume={58},
  pages={298--302},
  year={2004}
}

@inproceedings{rubin1978,
  title={''{M}ultiple imputations in sample surveys-a phenomenological Bayesian approach to nonresponse''},
  author={Rubin, Donald B},
  booktitle={Proceedings of the survey research methods section of the American Statistical Association},
  volume={1},
  pages={20--34},
  year={1978},
  organization={American Statistical Association}
}

@article{rubin1979,
  title={''{I}llustrating the use of multiple imputations to handle nonresponse in sample surveys''},
  author={Rubin, DB},
  journal={Bulletin of the International Statistical Institute},
  volume={48},
  pages={517--532},
  year={1979}
}


@book{schafer1997,
title={Analysis of incomplete multivariate data},
author={Schafer, JL},
year={1997},
publisher={London, Chapman \& Hall}
}


@book{littlerubin2002,
  title={Statistical Analysis With Missing Data (2nd ed.)},
  author={Rubin, DB and Little, RJ},
  year={2002},
  publisher={New York, John Wiley \& Sons}
}


@article{denissen2008,
  title={Development and validation of a Dutch translation of the Big Five Inventory (BFI)},
  author={Denissen, Jaap JA and Geenen, Rinie and Van Aken, Marcel AG and Gosling, Samuel D and Potter, Jeff},
  journal={Journal of personality assessment},
  volume={90},
  pages={152--157},
  year={2008},
  publisher={Taylor \& Francis}
}



@article{mahalanobis1936,
  title={''{O}n the generalized distance in statistics''},
  author={Mahalanobis, Prasanta Chandra},
  journal={Proceedings of the National Institute of Sciences},
  volume={2},
  pages={49--55},
  year={1936}
}


@incollection{dickhaus2014,
  title={Some Theory of $p$-values},
  author={Dickhaus, Thorsten},
  booktitle={Simultaneous Statistical Inference},
  pages={17--28},
  year={2014},
  publisher={Springer}
}


@article{yuan2010,
  title={Multiple imputation for missing data: Concepts and new development (Version 9.0)},
  author={Yuan, Yang C},
  journal={SAS Institute Inc, Rockville, MD},
  volume={49},
  year={2010}
}









@article{van2007,
  title={''{M}ultiple imputation of discrete and continuous data by fully conditional specification''},
  author={van Buuren, Stef},
  journal={Statistical Methods in Medical Research},
  volume={16},
  pages={219--242},
  year={2007},
  publisher={Sage Publications}
}

@article{van2006,
  title={Fully conditional specification in multivariate imputation},
  author={van Buuren, Stef and Brand, Jaap PL and Groothuis-Oudshoorn, CGM and Rubin, Donald B},
  journal={Journal of statistical computation and simulation},
  volume={76},
  pages={1049--1064},
  year={2006},
  publisher={Taylor \& Francis}
}

@article{little1988,
  title={''{M}issing-data adjustments in large surveys''},
  author={Little, Roderick JA},
  journal={Journal of Business \& Economic Statistics},
  volume={6},
  pages={287--296},
  year={1988},
  publisher={Taylor \& Francis}
}


@book{venables2013,
  title={Modern applied statistics with S-PLUS},
  author={Venables, William N and Ripley, Brian D},
  year={2013},
  publisher={Springer Science \& Business Media}
}




@article{buuren2011,
  title={''{MICE}: Multivariate imputation by chained equations in \textsf{R}''},
  author={van Buuren, Stef and Groothuis-Oudshoorn, Karin},
  journal={Journal of Statistical Software},
  volume={45},
  year={2011},
  publisher={American Statistical Association}
}


@book{van2012,
  title={Flexible imputation of missing data},
  author={van Buuren, Stef},
  year={2012},
  publisher={CRC press}
}


@article{li1991,
  title={''{S}ignificance levels from repeated $p$-values with multiply-imputed data''},
  author={Li, Kim-Hung and Meng, Xiao-Li and Raghunathan, Trivellore E and Rubin, Donald B},
  journal={Statistica Sinica},
  pages={65--92},
  year={1991},
  publisher={JSTOR}
}


@book{enders2010,
  title={Applied missing data analysis},
  author={Enders, Craig K},
  year={2010},
  publisher={Guilford Press}
}


@online{miceadds,
  author = {Robitzsch, Alexander  and  Grund, Simon and Henke, Thorsten},
  title = {{M}iceadds: Some Additional Multiple Imputation Functions, Especially for 'mice'},
  year = 2016,
  url = {https://cran.r-project.org/web/`s/miceadds/index.html}
}


@online{ampute,
  author = {Schouten, Rianne and Lugtig, Peter and Brand, Jaap and Vink, Gerko},
  title = {Multivariate amputation using ampute},
  year = 2017,
  note = {https://cran.r-project.org/web/packages/mice/vignettes/ampute.html}
}

@article{schouten2018,
  title={Generating missing values for simulation purposes: a multivariate amputation procedure},
  author={Schouten, Rianne Margaretha and Lugtig, Peter and Vink, Gerko},
  journal={Journal of Statistical Computation and Simulation},
  pages={1--22},
  year={2018},
  publisher={Taylor \& Francis}
}


@article{white2011,
  title={Multiple imputation using chained equations: issues and guidance for practice},
  author={White, Ian R and Royston, Patrick and Wood, Angela M},
  journal={Statistics in medicine},
  volume={30},
  number={4},
  pages={377--399},
  year={2011},
  publisher={Wiley Online Library}
}


@article{wald1939,
  title={Contributions to the theory of statistical estimation and testing hypotheses},
  author={Wald, Abraham},
  journal={The Annals of Mathematical Statistics},
  volume={10},
  number={4},
  pages={299--326},
  year={1939},
  publisher={JSTOR}
}


@inproceedings{lovik2017combining,
  title={Combining Factors from Different Factor Analyses Based on Factor Congruence},
  author={Lovik, Anik{\'o} and Nassiri, Vahid and Verbeke, Geert and Molenberghs, Geert},
  booktitle={The Annual Meeting of the Psychometric Society},
  pages={211--219},
  year={2017},
  organization={Springer}
}

@article{mardiamultivariate,
  title={Multivariate analysis. 1979},
  author={Mardia, KV and Kent, JT and Bibby, JM},
  journal={Probability and mathematical statistics. Academic Press Inc}
}

@article{van2016,
  title={Unbalanced cluster sizes and rates of convergence in mixed-effects models for clustered data},
  author={Van der Elst, Wim and Hermans, Lisa and Verbeke, Geert and Kenward, Michael G and Nassiri, Vahid and Molenberghs, Geert},
  journal={Journal of statistical computation and simulation},
  volume={86},
  number={11},
  pages={2123--2139},
  year={2016},
  publisher={Taylor \& Francis}
}


@article {fieuws2006,
    AUTHOR = {Fieuws, Steffen and Verbeke, Geert},
     TITLE = {Pairwise fitting of mixed models for the joint modeling of
              multivariate longitudinal profiles},
   JOURNAL = {Biometrics},
  FJOURNAL = {Biometrics. Journal of the International Biometric Society},
    VOLUME = {62},
      YEAR = {2006},
    NUMBER = {2},
     PAGES = {424--431},
      ISSN = {0006-341X},
   MRCLASS = {Database Expansion Item},
  MRNUMBER = {2227490},
}

@article{fieuws2007,
  title={Random-effects models for multivariate repeated measures},
  author={Fieuws, Steffen and Verbeke, Geert and Molenberghs, Geert},
  journal={Statistical methods in medical research},
  volume={16},
  number={5},
  pages={387--397},
  year={2007},
  publisher={SAGE Publications}
}


@article{ivanova2017,
  title={Fast and highly efficient pseudo-likelihood methodology for large and complex ordinal data},
  author={Ivanova, Anna and Molenberghs, Geert and Verbeke, Geert},
  journal={Statistical methods in medical research},
  volume={26},
  number={6},
  pages={2758--2779},
  year={2017},
  publisher={SAGE Publications Sage UK: London, England}
}


@article{donoho2000,
  title={High-dimensional data analysis: The curses and blessings of dimensionality},
  author={Donoho, David L and others},
  journal={AMS math challenges lecture},
  volume={1},
  number={32},
  pages={375},
  year={2000},
  publisher={Citeseer}
}


@book{rubin1987,
  title={Multiple imputation for nonresponse in surveys},
  author={Rubin, Donald B},
  year={1987},
  publisher={John Wiley \& Sons}
}


@article{price1985,
  title={The developmental toxicity of ethylene glycol in rats and mice},
  author={Price, Catherine J and Kimmel, Carole A and Tyl, Rochelle W and Marr, Melissa C},
  journal={Toxicology and Applied Pharmacology},
  volume={81},
  number={1},
  pages={113--127},
  year={1985},
  publisher={Elsevier}
}

@article{price1987,
  title={The developmental toxicity of diethylene glycol dimethyl ether in mice},
  author={Price, Catherine J and Kimmel, Carole A and George, Julia D and Marr, Melissa C},
  journal={Fundamental and applied toxicology},
  volume={8},
  number={1},
  pages={115--126},
  year={1987},
  publisher={Elsevier}
}

@article{tyl1988,
  title={Developmental toxicity evaluation of dietary di (2-ethylhexyl) phthalate in Fischer 344 rats and CD-1 mice},
  author={Tyl, Rochelle W and Price, Catherine J and Marr, Melissa C and Kimmel, Carole A},
  journal={Toxicological Sciences},
  volume={10},
  number={3},
  pages={395--412},
  year={1988},
  publisher={Oxford University Press}
}

@inproceedings{lovik2017b,
  title={Psychometric properties and comparison of different ways of factor analysis of the Big Five Inventory on a Flemish sample},
  author={Lovik, Anik{\'o} and Nassiri, Vahid and Verbeke, Geert and Molenberghs, Geert and Sodermans, An Katrien},
  booktitle={14th European Conference on Psychological Assessment, Date: 2017/07/05-2017/07/08, Location: Lisbon, Portugal},
  year={2017}
}

@article{lovik2017a,
  title={Psychometric properties and comparison of different techniques for factor analysis on the Big Five Inventory from a Flemish sample},
  author={Lovik, Anik{\'o} and Nassiri, Vahid and Verbeke, Geert and Molenberghs, Geert and Sodermans, An Katrien},
  journal={Personality and Individual Differences},
  volume={117},
  pages={122--129},
  year={2017},
  publisher={Elsevier}
}


@article{mortelmans2011,
  title={Divorce in Flanders. {D}ata collection and code book},
  author={Mortelmans, Dimitri and Pasteels, Inge and Van Bavel, J and Bracke, P and Matthijs, K and Van Peer, Christine},
  journal={Retrieved September},
  volume={22},
  pages={2012},
  year={2011}
}



@article{john1999,
  title={The Big Five trait taxonomy: History, measurement, and theoretical perspectives},
  author={John, Oliver P and Srivastava, Sanjay},
  journal={Handbook of personality: Theory and research},
  volume={2},
  number={1999},
  pages={102--138},
  year={1999},
  publisher={Guilford}
}


@article{dean2008,
  title={MapReduce: simplified data processing on large clusters},
  author={Dean, Jeffrey and Ghemawat, Sanjay},
  journal={Communications of the ACM},
  volume={51},
  number={1},
  pages={107--113},
  year={2008},
  publisher={ACM}
}


@article{matloff2014,
  title={Software alchemy: turning complex statistical computations into embarrassingly-parallel ones},
  author={Matloff, Norman},
  journal={arXiv preprint arXiv:1409.5827},
  year={2014}
}

@article{laird1982,
  title={Random-effects models for longitudinal data},
  author={Laird, Nan M and Ware, James H},
  journal={Biometrics},
  pages={963--974},
  year={1982},
  publisher={JSTOR}
}


@article{zeger1986,
  title={Longitudinal data analysis for discrete and continuous outcomes},
  author={Zeger, Scott L and Liang, Kung-Yee},
  journal={Biometrics},
  pages={121--130},
  year={1986},
  publisher={JSTOR}
}

@book{verbeke2009,
  title={Linear mixed models for longitudinal data},
  author={Verbeke, Geert and Molenberghs, Geert},
  year={2009},
  publisher={Springer Science \& Business Media}
}

@article{otava2014,
  title={Dose--Response Modeling Under Simple Order Restrictions Using Bayesian Variable Selection Methods},
  author={Otava, Martin and Shkedy, Ziv and Lin, Dan and G{\"o}hlmann, Hinrich WH and Bijnens, Luc and Talloen, Willem and Kasim, Adetayo},
  journal={Statistics in Biopharmaceutical Research},
  volume={6},
  number={3},
  pages={252--262},
  year={2014},
  publisher={Taylor \& Francis}
}

@article{sikorska2013_2,
  title={GWAS on your notebook: fast semi-parallel linear and logistic regression for genome-wide association studies},
  author={Sikorska, Karolina and Lesaffre, Emmanuel and Groenen, Patrick FJ and Eilers, Paul HC},
  journal={BMC bioinformatics},
  volume={14},
  number={1},
  pages={166},
  year={2013},
  publisher={BioMed Central Ltd}
}

@article{sikorska2013,
  title={Fast linear mixed model computations for genome-wide association studies with longitudinal data},
  author={Sikorska, Karolina and Rivadeneira, Fernando and Groenen, Patrick JF and Hofman, Albert and Uitterlinden, Andr{\'e} G and Eilers, Paul HC and Lesaffre, Emmanuel},
  journal={Statistics in medicine},
  volume={32},
  number={1},
  pages={165--180},
  year={2013},
  publisher={Wiley Online Library}
}

@article{milanzi2014,
  title={A permutational-splitting sample procedure to quantify expert opinion on clusters of chemical compounds using high-dimensional data},
  author={Milanzi, Elasma and Alonso, Ariel and Buyck, Christophe and Molenberghs, Geert and Bijnens, Luc and others},
  journal={The Annals of Applied Statistics},
  volume={8},
  number={4},
  pages={2319--2335},
  year={2014},
  publisher={Institute of Mathematical Statistics}
}

@article{verdonck1998,
  title={Comparative effects of neonatal and prepubertal castration on craniofacial growth in rats},
  author={Verdonck, Anna and De Ridder, L and Verbeke, Geert and Bourguignon, JP and Carels, Carine and K{\"u}hn, ER and Darras, Veerle and de Zegher, Francis},
  journal={Archives of oral biology},
  volume={43},
  number={11},
  pages={861--871},
  year={1998},
  publisher={Elsevier}
}

@article{faes2009,
  title={The effective sample size and an alternative small-sample degrees-of-freedom method},
  author={Faes, Christel and Molenberghs, Geert and Aerts, Marc and Verbeke, Geert and Kenward, Michael G},
  journal={The American Statistician},
  volume={63},
  number={4},
  pages={389--399},
  year={2009},
  publisher={Taylor \& Francis}
}



@book{molenberghs2005,
  title={Models for discrete longitudinal data},
  author={Molenberghs, Geert and Verbeke, Geert},
  year={2005},
  institution={Springer,}
}

   @article {Lisa2016_1,
    AUTHOR = {Hermans, Lisa and Molenberghs, Geert and Aerts, Marc and Verbeke, Geert and Kenward, Michael},
     TITLE = {A note on incomplete sufficient statistics in exponential families},
   JOURNAL = {Submitted},
    YEAR = {2016},
 }
 
 

  @article {Lisa2016_3,
    AUTHOR = {Hermans, Lisa and Nassiri, Vahid and Molenberghs, Geert and Kenward, Michael and Van der Elst, Wim and Aerts, Marc and Verbeke, Geert},
     TITLE = {Fast, Closed-form, and Efficient Estimators for AR(1) Models},
   JOURNAL = {Revised version submitted to Communications in Statistics: Simulation and Computation},
    YEAR = {2016},
 }
 
 
   @article {Lisa2016_2,
    AUTHOR = {Hermans, Lisa and Nassiri, Vahid and Molenberghs, Geert and Kenward, Michael and Van der Elst, Wim and Aerts, Marc and Verbeke, Geert},
     TITLE = {Clusters with random size: maximum likelihood versus weighted estimation},
   JOURNAL = {Submitted},
    YEAR = {2016},
 }
 
 

 




@article{teerenstra2008,
  title={Sample size calculations for 3-level cluster randomized trials},
  author={Teerenstra, Steven and Moerbeek, Mirjam and van Achterberg, Theo and Pelzer, Ben J and Borm, George F},
  journal={Clinical Trials},
  volume={5},
  number={5},
  pages={486--495},
  year={2008},
  publisher={SAGE Publications}
}


@article{teerenstra2010,
  title={Sample Size Considerations for GEE Analyses of Three-Level Cluster Randomized Trials},
  author={Teerenstra, Steven and Lu, Bing and Preisser, John S and Van Achterberg, Theo and Borm, George F},
  journal={Biometrics},
  volume={66},
  number={4},
  pages={1230--1237},
  year={2010},
  publisher={Wiley Online Library}
}

@article{hemming2011,
  title={Sample size calculations for cluster randomised controlled trials with a fixed number of clusters},
  author={Hemming, Karla and Girling, Alan J and Sitch, Alice J and Marsh, Jennifer and Lilford, Richard J},
  journal={BMC medical research methodology},
  volume={11},
  number={1},
  pages={1},
  year={2011},
  publisher={BioMed Central}
}


@article{feng2001,
  title={Selected statistical issues in group randomized trials},
  author={Feng, Ziding and Diehr, Paula and Peterson, Arthur and McLerran, Dale},
  journal={Annual review of public health},
  volume={22},
  number={1},
  pages={167--187},
  year={2001},
  publisher={Annual Reviews 4139 El Camino Way, PO Box 10139, Palo Alto, CA 94303-0139, USA}
}


@article{guittet2005,
  title={A priori postulated and real power in cluster randomized trials: mind the gap},
  author={Guittet, Lydia and Giraudeau, Bruno and Ravaud, Philippe},
  journal={BMC Medical Research Methodology},
  volume={5},
  number={1},
  pages={1},
  year={2005},
  publisher={BioMed Central}
}


@article{fieller1954,
  title={Some problems in interval estimation},
  author={Fieller, Edgar C},
  journal={Journal of the Royal Statistical Society. Series B (Methodological)},
  pages={175--185},
  year={1954},
  publisher={JSTOR}
}

@Article{Fieuws2007,
  author    = {Fieuws, Steffen and Verbeke, Geert and Molenberghs, Geert},
  title     = {Random-effects models for multivariate repeated measures},
  journal   = {Statistical methods in medical research},
  year      = {2007},
  volume    = {16},
  number    = {5},
  pages     = {387--397},
  publisher = {SAGE Publications},
}






@ONLINE{amazon,
author = {McAuley, Julian},
title = {Amazon product data},
year = {2016},
url = {http://jmcauley.ucsd.edu/data/amazon/}
}



@inproceedings{HPCS2016,
  title={Finite Information Limit Variance-covariance Structures: Is the Entire Dataset Needed for Analysis?},
  author={Nassiri, Vahid and Molenberghs, Geert and Verbeke, Geert},
  booktitle={Proceedings of the 2016 International Conference on High Performance Computing \& Simulation (HPCS 2016)},
  pages={736--742},
  year={2016},
  organization={IEEE}
}

@Comment{jabref-meta: databaseType:biblatex;}
